@article{lehalle2017incorporating,
  title={Incorporating signals into optimal trading},
  author={Lehalle, Charles-Albert and Neuman, Eyal},
  journal={arXiv preprint arXiv:1704.00847},
  year={2017}
}

@article{schied2009risk,
  title={Risk aversion and the dynamics of optimal liquidation strategies in illiquid markets},
  author={Schied, Alexander and Sch{\"o}neborn, Torsten},
  journal={Finance and Stochastics},
  volume={13},
  number={2},
  pages={181--204},
  year={2009},
  publisher={Springer}
}

@article{bouchard2017equilibrium,
  title={Equilibrium returns with transaction costs},
  author={Bouchard, B and Fukasawa, M and Herdegen, M and Muhle-Karbe, J},
  journal={Preprint},
  year={2017}
}